% thesis.bib, to be used with thesis.tex
% This contains the bibliography entries (which can be most easily obtained from databases such as MathSciNet).
% Run laTeX, bibTeX, laTeX on thesis.tex to produce the bibliography.

@article {athanasiadismagic,
    AUTHOR = {Athanasiadis, Christos A.},
     TITLE = {Ehrhart polynomials, simplicial polytopes, magic squares and a
              conjecture of {S}tanley},
   JOURNAL = {J. Reine Angew. Math.},
  FJOURNAL = {Journal f\"ur die Reine und Angewandte Mathematik},
    VOLUME = {583},
      YEAR = {2005},
     PAGES = {163--174},
      ISSN = {0075-4102},
     CODEN = {JRMAA8},
   MRCLASS = {05E25 (06A11 52B20)},
}

